<?xml version="1.0" encoding="UTF-8"?>
<collection xmlns:xsi="http://www.w3.org/2001/XMLSchema-instance" xsi:schemaLocation="http://www.loc.gov/MARC21/slim http://www.loc.gov/standards/marcxml/schema/MARC21slim.xsd" xmlns="http://www.loc.gov/MARC21/slim">
<record>
  <leader>01009cam a2200229 a 4500</leader>
  <controlfield tag="001">650274</controlfield>
  <controlfield tag="003">NNC</controlfield>
  <controlfield tag="005">20100307233909.0</controlfield>
  <controlfield tag="008">880518s1925    sj            00010 ara d</controlfield>
  <datafield tag="035" ind1=" " ind2=" ">
    <subfield code="a">(OCoLC)63274174</subfield>
  </datafield>
  <datafield tag="035" ind1=" " ind2=" ">
    <subfield code="a">(OCoLC)ocm63274174</subfield>
  </datafield>
  <datafield tag="035" ind1=" " ind2=" ">
    <subfield code="a">(CStRLIN)NYCG88-B35875</subfield>
  </datafield>
  <datafield tag="035" ind1=" " ind2=" ">
    <subfield code="9">ACV7482CU</subfield>
  </datafield>
  <datafield tag="035" ind1=" " ind2=" ">
    <subfield code="a">(NNC)650274</subfield>
  </datafield>
  <datafield tag="040" ind1=" " ind2=" ">
    <subfield code="a">NjP</subfield>
    <subfield code="c">NjP</subfield>
  </datafield>
  <datafield tag="245" ind1="0" ind2="0">
    <subfield code="a">Mukhtārāt al-sāʾigh :</subfield>
    <subfield code="b">min kutub al-duny⁻a wa-al-d⁻in wa-hiyá 360 kit⁻ab f⁻i al-tawḥ⁻id wa-al-fiqh wa-al-Qurʾ⁻an wa-al-ḥad⁻ith wa-al-tasawwuf wa-al-ṭibb al-ḥad⁻ith wa-al-ṭibb al-qad⁻im wa-al-ṭibb al-ahl⁻i wa-ḥikam wa-al-faw⁻aʾid wa-al-adab /</subfield>
    <subfield code="c">jamaʻahu ʻAwaḍ al-Kar⁻im Muḥammad Hind⁻i.</subfield>
  </datafield>
  <datafield tag="250" ind1=" " ind2=" ">
    <subfield code="a">al-Ṭabʻah l.</subfield>
  </datafield>
  <datafield tag="260" ind1="0" ind2=" ">
    <subfield code="a">UmmDurm⁻an :</subfield>
    <subfield code="b">Maṭbaʻat al-Tawfīq al-adab⁻iyah,</subfield>
    <subfield code="c">1925.</subfield>
  </datafield>
  <datafield tag="300" ind1=" " ind2=" ">
    <subfield code="a">2 v. :</subfield>
    <subfield code="b">l port ;</subfield>
    <subfield code="c">23 cm.</subfield>
  </datafield>
  <datafield tag="500" ind1=" " ind2=" ">
    <subfield code="a">Four lines of poetry by the compiler at head of title.</subfield>
  </datafield>
  <datafield tag="650" ind1=" " ind2="0">
    <subfield code="a">Islam</subfield>
    <subfield code="y">20th century.</subfield>
  </datafield>
  <datafield tag="700" ind1="1" ind2="0">
    <subfield code="a">Hind⁻i, ʻAwaḍ al-Kar⁻im Muḥammad.</subfield>
  </datafield>
  <datafield tag="955" ind1=" " ind2=" ">
    <subfield code="b">CU10666427</subfield>
    <subfield code="d">off,glx</subfield>
    <subfield code="e">ME06780</subfield>
    <subfield code="v">v.1</subfield>
  </datafield>
</record>
</collection>